<record><leader>00000cas a2200000 a 4500</leader><controlfield tag="001">10988392</controlfield><controlfield tag="008">840726d1842186uvauwr ne      0    0eng c</controlfield><datafield ind1=" " ind2=" " tag="010"><subfield code="a">sn 84024659 </subfield></datafield><datafield ind1=" " ind2=" " tag="040"><subfield code="a">NPV</subfield><subfield code="b">eng</subfield><subfield code="c">NPV</subfield><subfield code="d">NPY</subfield><subfield code="d">NPU</subfield><subfield code="d">WVC</subfield><subfield code="d">DLC</subfield><subfield code="d">WVC</subfield><subfield code="d">NLG</subfield><subfield code="d">KNP</subfield><subfield code="d">MGN</subfield><subfield code="d">NVK</subfield><subfield code="d">OCL</subfield><subfield code="d">NVF</subfield><subfield code="d">OCLCQ</subfield><subfield code="d">DLC</subfield><subfield code="d">OCLCQ</subfield><subfield code="d">OCLCF</subfield><subfield code="d">OCLCO</subfield></datafield><datafield ind1="1" ind2=" " tag="029"><subfield code="a">AU@</subfield><subfield code="b">000020119894</subfield></datafield><datafield ind1=" " ind2=" " tag="042"><subfield code="a">pcc</subfield></datafield><datafield ind1=" " ind2=" " tag="043"><subfield code="a">n-us-va</subfield></datafield><datafield ind1="0" ind2="0" tag="050"><subfield code="a">Newspaper</subfield></datafield><datafield ind1="0" ind2=" " tag="130"><subfield code="a">Richmond weekly Whig (Richmond, Va. : 1842)</subfield></datafield><datafield ind1="1" ind2="4" tag="245"><subfield code="a">The Richmond weekly Whig.</subfield></datafield><datafield ind1="3" ind2=" " tag="246"><subfield code="a">Weekly Whig</subfield></datafield><datafield ind1="3" ind2=" " tag="246"><subfield code="a">Richmond Whig</subfield></datafield><datafield ind1=" " ind2=" " tag="260"><subfield code="a">Richmond, Va. :</subfield><subfield code="b">Toler, Elliot &amp; Co.</subfield></datafield><datafield ind1=" " ind2=" " tag="300"><subfield code="a">v.</subfield></datafield><datafield ind1=" " ind2=" " tag="310"><subfield code="a">Weekly</subfield></datafield><datafield ind1="1" ind2=" " tag="362"><subfield code="a">Began in 1842?</subfield></datafield><datafield ind1=" " ind2=" " tag="515"><subfield code="a">Suspended 1862. Cf. Cappon.</subfield></datafield><datafield ind1=" " ind2=" " tag="580"><subfield code="a">Daily eds.: Richmond daily Whig (Richmond, Va. : 1842), &lt;1843&gt;-1861, and: Daily Richmond Whig (Richmond, Va. : 1861), 1861-1862, and: Richmond Whig (Richmond, Va. : 1862), 1862-1865, and: Daily Richmond Whig (Richmond, Va. : 1865), 1865-&lt;1868&gt;.</subfield></datafield><datafield ind1=" " ind2=" " tag="580"><subfield code="a">Semiweekly eds.: Richmond Whig &amp; public advertiser, &lt;1843&gt;-1867, and: Richmond Whig and advertiser, 1868-&lt;&gt;.</subfield></datafield><datafield ind1=" " ind2=" " tag="580"><subfield code="a">Evening ed.: Evening Whig, &lt;1864-1865&gt;.</subfield></datafield><datafield ind1=" " ind2=" " tag="588"><subfield code="a">Description based on: Vol. 1, no. 15 (Mar. 13, 1843).</subfield></datafield><datafield ind1=" " ind2="0" tag="651"><subfield code="a">Richmond (Va.)</subfield><subfield code="v">Newspapers.</subfield></datafield><datafield ind1=" " ind2="7" tag="655"><subfield code="a">Newspapers.</subfield><subfield code="2">fast</subfield><subfield code="0">(OCoLC)fst01423814</subfield></datafield><datafield ind1=" " ind2="7" tag="651"><subfield code="a">Virginia</subfield><subfield code="z">Richmond.</subfield><subfield code="2">fast</subfield><subfield code="0">(OCoLC)fst01205345</subfield></datafield><datafield ind1=" " ind2=" " tag="752"><subfield code="a">United States</subfield><subfield code="b">Virginia</subfield><subfield code="d">Richmond.</subfield></datafield><datafield ind1="1" ind2=" " tag="775"><subfield code="t">Richmond daily Whig (Richmond, Va. : 1842)</subfield><subfield code="w">(DLC)sn 84024656</subfield><subfield code="w">(OCoLC)10988435</subfield></datafield><datafield ind1="1" ind2=" " tag="775"><subfield code="t">Daily Richmond Whig (Richmond, Va. : 1861)</subfield><subfield code="w">(DLC)sn 86071866</subfield><subfield code="w">(OCoLC)14156994</subfield></datafield><datafield ind1="1" ind2=" " tag="775"><subfield code="t">Richmond Whig (Richmond, Va. : 1862)</subfield><subfield code="w">(DLC)sn 84024669</subfield><subfield code="w">(OCoLC)1772089</subfield></datafield><datafield ind1="1" ind2=" " tag="775"><subfield code="t">Daily Richmond Whig (Richmond, Va. : 1865)</subfield><subfield code="w">(DLC)sn 84024660</subfield><subfield code="w">(OCoLC)10988355</subfield></datafield><datafield ind1="1" ind2=" " tag="775"><subfield code="t">Richmond Whig &amp; public advertiser</subfield><subfield code="w">(DLC)sn 84024658</subfield><subfield code="w">(OCoLC)2252792</subfield></datafield><datafield ind1="1" ind2=" " tag="775"><subfield code="t">Richmond Whig and advertiser</subfield><subfield code="w">(DLC)sn 85026844</subfield><subfield code="w">(OCoLC)2252793</subfield></datafield><datafield ind1="1" ind2=" " tag="775"><subfield code="t">Evening Whig</subfield><subfield code="w">(DLC)sn 84024662</subfield><subfield code="w">(OCoLC)10988240</subfield></datafield></record>